<?xml version="1.0" encoding="UTF-8"?><collection xmlns="http://www.loc.gov/MARC21/slim"><record><leader>00501nam--2200169-i-4500</leader><controlfield tag="001">000010740</controlfield><controlfield tag="002">20161230</controlfield><controlfield tag="005">20170224003122</controlfield><controlfield tag="008">060222s1000------------r-----000-0-eng-d</controlfield><datafield ind1=" " ind2=" " tag="100"><subfield code="a">Distefano, Joseph J</subfield></datafield><datafield ind1=" " ind2=" " tag="245"><subfield code="a">Schaum s outline of theory and problems of feedback and control systems</subfield></datafield><datafield ind1=" " ind2=" " tag="260"><subfield code="a">New York</subfield><subfield code="b">Mcgraw-hill Book Co</subfield><subfield code="c">1976</subfield></datafield><datafield ind1=" " ind2=" " tag="300"><subfield code="a">371 p</subfield></datafield><datafield ind1=" " ind2=" " tag="490"><subfield code="a">Schaum S Outline Series</subfield></datafield><datafield ind1=" " ind2=" " tag="700"><subfield code="a">Williams, Ivan J</subfield></datafield><datafield ind1=" " ind2=" " tag="852"><subfield code="a">62-503:621.3.01:621.372.52</subfield></datafield><datafield ind1=" " ind2=" " tag="CAT"><subfield code="a">SYS</subfield><subfield code="c">20170224</subfield><subfield code="h">003122</subfield></datafield></record></collection>